<record><leader>00000cas a2200000I  4500</leader><controlfield tag="001">8175639</controlfield><controlfield tag="008">820219d19031903vaudn n       0    0eng d</controlfield><datafield ind1=" " ind2=" " tag="010"><subfield code="a">sn 94060159 </subfield></datafield><datafield ind1=" " ind2=" " tag="040"><subfield code="a">VIC</subfield><subfield code="c">VIC</subfield><subfield code="d">NVK</subfield><subfield code="d">OCLCQ</subfield></datafield><datafield ind1=" " ind2=" " tag="043"><subfield code="a">n-us---</subfield><subfield code="a">n-us-va</subfield></datafield><datafield ind1=" " ind2=" " tag="090"><subfield code="a">E641</subfield><subfield code="b">.C7</subfield></datafield><datafield ind1="0" ind2=" " tag="130"><subfield code="a">Confederate (Richmond, Va. : 1903)</subfield></datafield><datafield ind1="1" ind2="4" tag="245"><subfield code="a">The Confederate.</subfield></datafield><datafield ind1=" " ind2=" " tag="260"><subfield code="a">Richmond, Va. :</subfield><subfield code="b">Confederate Bazaar Association,</subfield><subfield code="c">1903.</subfield></datafield><datafield ind1=" " ind2=" " tag="300"><subfield code="a">v.</subfield></datafield><datafield ind1=" " ind2=" " tag="310"><subfield code="a">Daily (except Sunday)</subfield></datafield><datafield ind1="0" ind2=" " tag="362"><subfield code="a">[Vol. 1, no. 1] (Apr. 15, 1903)-v. 1, no. 14 (Apr. 30, 1903).</subfield></datafield><datafield ind1=" " ind2=" " tag="500"><subfield code="a">Variously called Confederate bazaar.</subfield></datafield><datafield ind1=" " ind2=" " tag="500"><subfield code="a">The bazzar was held in Richmond April 15-30, under the auspices of the United Daughters of the Confederacy, for the benefit of the Jefferson Davis Monument and the Confederate Museum.</subfield></datafield><datafield ind1=" " ind2=" " tag="500"><subfield code="a">Edited by the Misses Rowland, with the editorial supervision of Mrs. Edgar D. Taylor for April 30, 1903.</subfield></datafield><datafield ind1=" " ind2="0" tag="651"><subfield code="a">United States</subfield><subfield code="x">History</subfield><subfield code="y">Civil War, 1861-1865</subfield><subfield code="v">Newspapers.</subfield></datafield><datafield ind1=" " ind2="0" tag="651"><subfield code="a">Richmond (Va.)</subfield><subfield code="v">Newspapers.</subfield></datafield><datafield ind1="2" ind2=" " tag="710"><subfield code="a">Confederate Bazaar Association.</subfield></datafield><datafield ind1=" " ind2=" " tag="752"><subfield code="a">United States</subfield><subfield code="b">Virginia</subfield><subfield code="d">Richmond.</subfield></datafield><datafield ind1=" " ind2=" " tag="994"><subfield code="a">11</subfield><subfield code="b">OCL</subfield><subfield code="i">00424</subfield></datafield></record>